@InProceedings{chubachi10:pbl,
  author = 	 {Yoshihide Chubachi and Yuka Kato and Yoshio Tozawa},
  title = 	 {Web-based groupware supporting PBL effectively},
  booktitle = {1st Asia-Pacific Joint PBL Conference 2010},
  year = 	 2010,
  month = 	 10}

@Article{chubachi09:pbl,
  author = 	 {中鉢 欣秀 and 土屋 陽介 and 長尾 雄行 and 加藤 由花 and 酒森 潔 and 戸沢 義夫},
  title = 	 {グループウェア導入によるPBLの見える化},
  journal = 	 {日本e-Learning学会論文誌},
  year = 	 2009,
  pages = 	 {129-135},
  volume = 	 9,
  month = 	 5}

@Article{koyama11,
  author = 	 {小山 裕司 and 中鉢 欣秀},
  title = 	 {外部アカウント認証を使った本人確認付き利用者認証の試み},
  journal = 	 {産業技術大学院大学 紀要},
  year = 	 2011,
  pages = 	 {},
  volume = 	 5}

@Book{drucker03,
  author = 	 {Peter F. Drucker},
  title = 	 {Manging in the Next Society},
  publisher = 	 {Griffin},
  year = 	 2003}

@InProceedings{ishijima10,
  author = 	 {Shintaro Ishijima and Hiroshi Koyama and Yoshihide Chubachi and Fumio Harashima},
  title = 	 {ICT based Learning System of AIIT for Professional Education in Japan},
  booktitle = {ITHET2010},
  year = 	 2010,
  organization = {IEEE},
  address = 	 {Cappadocia, Turkey}
}

@InProceedings{chubachi10,
  author = 	 {中鉢 欣秀 and 小山 裕司 and 石島 辰太郎},
  title = 	 {ICTを基盤とした高度専門職教育},
  booktitle = {情報教育シンポジウム },
  year = 	 2010,
  organization = {コンピュータと教育研究会},
  publisher = {情報処理学会}}

@webpage{infotalk,
	author =	"小山 裕司",
	title =		"Infotalk ― 産業技術大学院大学",
	organization =	"産業技術大学院大学",
	url =	"http://pk.aiit.ac.jp/index.php?InfoTalk",
	refdate =	"2011/11/16"}

@Article{infotalk2,
  author = 	 {情報処理学会},
  title = 	 {全国技術系勉強会マップ-技術者のライブセッションに参加しよう！- : 全国技術系勉強会マップ-主催者からのメッセージ-},
  journal = 	 {情報処理},
  year = 	 2011,
  volume = 	 52,
  number = 	 {4-5},
  pages = 	 437}

